<record><leader>00000cas a22000007a 4500</leader><controlfield tag="001">21979395</controlfield><controlfield tag="008">900709d18491850nyuwr ne      0    0eng d</controlfield><datafield ind1=" " ind2=" " tag="010"><subfield code="a">sn 90066454 </subfield></datafield><datafield ind1=" " ind2=" " tag="040"><subfield code="a">NYS</subfield><subfield code="b">eng</subfield><subfield code="c">NYS</subfield><subfield code="d">OCL</subfield><subfield code="d">OCLCQ</subfield><subfield code="d">OCLCF</subfield><subfield code="d">OCLCO</subfield></datafield><datafield ind1=" " ind2=" " tag="042"><subfield code="a">msc</subfield></datafield><datafield ind1=" " ind2=" " tag="043"><subfield code="a">n-us-ny</subfield></datafield><datafield ind1="0" ind2="0" tag="245"><subfield code="a">Cortland County express.</subfield></datafield><datafield ind1=" " ind2=" " tag="260"><subfield code="a">McGrawville, Cortland County, N.Y. :</subfield><subfield code="b">Benedict &amp; Boynton</subfield></datafield><datafield ind1=" " ind2=" " tag="300"><subfield code="a">v.</subfield></datafield><datafield ind1=" " ind2=" " tag="310"><subfield code="a">Weekly</subfield></datafield><datafield ind1="0" ind2=" " tag="362"><subfield code="a">Vol. 2, no. 31 (Mar. 8, 1849)-v. 4, no. 20 (Dec. 26, 1850).</subfield></datafield><datafield ind1=" " ind2=" " tag="500"><subfield code="a">McGrawville later became McGraw.</subfield></datafield><datafield ind1=" " ind2="0" tag="651"><subfield code="a">McGraw (N.Y.)</subfield><subfield code="v">Newspapers.</subfield></datafield><datafield ind1=" " ind2="7" tag="655"><subfield code="a">Newspapers.</subfield><subfield code="2">fast</subfield><subfield code="0">(OCoLC)fst01423814</subfield></datafield><datafield ind1=" " ind2="7" tag="651"><subfield code="a">New York (State)</subfield><subfield code="z">McGraw.</subfield><subfield code="2">fast</subfield><subfield code="0">(OCoLC)fst01222252</subfield></datafield><datafield ind1=" " ind2=" " tag="752"><subfield code="a">United States</subfield><subfield code="b">New York</subfield><subfield code="c">Cortland</subfield><subfield code="d">McGrawville.</subfield></datafield><datafield ind1=" " ind2=" " tag="752"><subfield code="a">United States</subfield><subfield code="b">New York</subfield><subfield code="c">Cortland</subfield><subfield code="d">McGraw.</subfield></datafield><datafield ind1="0" ind2="0" tag="780"><subfield code="t">McGrawville express</subfield><subfield code="w">(DLC)sn 84024329</subfield></datafield></record>